@article{Davidson1952,
  title = {Apparent {{Fumigant Action}} of {{Non}}-Volatile {{Insecticides}} in {{African Huts}}},
  author = {Davidson, G. and Burnett, G. F.},
  date = {1952-11},
  journaltitle = {Nature},
  volume = {170},
  pages = {893--893},
  publisher = {{Nature Publishing Group}},
  issn = {1476-4687},
  doi = {10.1038/170893a0},
  url = {https://www.nature.com/articles/170893a0},
  urldate = {2021-03-28},
  abstract = {DURING the course of experiments conducted by one of us (G. D.1) on the residual action of various insecticidal preparations applied to the interior of native-type African houses, a pronounced fumigant-type action was found in houses treated with preparations of DDT and dieldrin.},
  file = {/home/julian/Zotero/storage/QR7NVJXH/Davidson and Burnett (1952).pdf;/home/julian/Zotero/storage/9QI3ED52/170893a0.html},
  issue = {4334},
  langid = {english},
  number = {4334}
}

