
@report{DNVConsulting2006,
  title = {Frequency-{{Volume Study}} of {{Keystone Pipeline}}: {{Report}} for {{TransCanada PipeLines Limited}}},
  author = {{DNV Consulting}},
  date = {2006},
  pages = {27},
  file = {/home/julian/Zotero/storage/GM7AJ4WA/DNV Consulting (2006).pdf}
}

@report{DoS2014,
  title = {Final {{Supplemental Environmental Impact Statement}}},
  author = {{DoS}},
  date = {2014-01},
  pages = {44},
  url = {https://2012-keystonepipeline-xl.state.gov/documents/organization/221135.pdf},
  file = {/home/julian/Zotero/storage/G86KL9GN/DoS (2014).pdf},
  langid = {english}
}

@report{DoS2015,
  title = {Recored of {{Decision}} and {{National Interest Determination}}},
  author = {{DoS}},
  date = {2015-11-03},
  pages = {31},
  url = {https://2012-keystonepipeline-xl.state.gov/documents/organization/249450.pdf},
  file = {/home/julian/Zotero/storage/PUBBAQBZ/DoS (2015).pdf}
}

@report{DoS2017,
  title = {Record of {{Decision}} and {{National Interest Determination}}},
  author = {{DoS}},
  date = {2017-03-24},
  pages = {31},
  url = {https://www.state.gov/wp-content/uploads/2019/02/Record-of-Decision-and-National-Interest-Determination.pdf},
  file = {/home/julian/Zotero/storage/C9ZP5SWB/DoS (2017).pdf},
  langid = {english}
}

@report{Stansbury2011,
  title = {Analysis of {{Frequency}}, {{Magnitude}} and {{Consequence}} of {{Worst}}-{{Case Spills From}} the {{Proposed Keystone XL Pipeline}}},
  author = {Stansbury, John},
  date = {2011},
  pages = {19},
  institution = {{University of Nebraska--Lincoln Water Center}},
  file = {/home/julian/Zotero/storage/4UACFLPF/Stansbury (2011).pdf}
}

@article{Weinstein2014,
  title = {The {{Keystone}}/{{Gulf Coast Pipeline System}}: {{A Catalyst}} for {{American Jobs}} and {{Energy Security}}},
  author = {Weinstein, Bernard L. and Clower, Terry L. and Saliba, Nicolas J.},
  date = {2014-05},
  pages = {30},
  file = {/home/julian/Zotero/storage/VI7W4ZL5/Weinstein et al. (2014).pdf},
  langid = {english}
}

@online{WhiteHouse2015,
  title = {Statement by the {{President}} on the {{Keystone XL Pipeline}}},
  author = {{White House}},
  date = {2015-11-06T12:56:00-05:00},
  url = {https://obamawhitehouse.archives.gov/the-press-office/2015/11/06/statement-president-Keystone-XL-pipeline},
  urldate = {2021-03-26},
  file = {/home/julian/Zotero/storage/T6HIQ8EZ/statement-president-keystone-xl-pipeline.html},
  langid = {english},
  organization = {{whitehouse.gov}}
}


