@article{Harvey2021,
    title = {Greenhouse Gas Emissions Must Peak within 4 Years, Says Leaked {{UN}} Report},
    author = {Harvey, Fiona and Tremlett, Giles},
    date = {2021-08-12T13:47:08},
    journaltitle = {The Guardian},
    issn = {0261-3077},
    url = {https://www.theguardian.com/environment/2021/aug/12/greenhouse-gas-emissions-must-peak-within-4-years-says-leaked-un-report},
    urldate = {2021-12-09},
    abstract = {Group of scientists release draft IPCC report as they fear it will be watered down by governments},
    entrysubtype = {newspaper},
    journalsubtitle = {Science},
    langid = {british},
    keywords = {Climate crisis,Climate science,Environment,Global climate talks,Greenhouse gas emissions,Intergovernmental Panel on Climate Change (IPCC),Science,United Nations,World news},
    file = {/home/julian/Zotero/storage/6PRK9EHP/greenhouse-gas-emissions-must-peak-within-4-years-says-leaked-un-report.html},
}

@article{Heffernan2011,
    title = {Whole-System Science},
    author = {Heffernan, Olive and Thorpe, Jo and Brown, Alistair},
    date = {2011-04},
    journaltitle = {Nature Climate Change},
    shortjournal = {NCC},
    volume = {1},
    number = {1},
    pages = {1--1},
    issn = {1758-678X},
    doi = {10.1038/nclimate1083},
    abstract = {Nature Climate Change 1, 1 (2011). doi:10.1038/nclimate1083},
    file = {/home/julian/Zotero/storage/KVVZAFSR/Heffernan et al. (2011).pdf},
}

@incollection{Latour2015,
    title = {Telling {{Friends}} from {{Foes}} in the {{Time}} of the {{Anthropocene}}},
    booktitle = {The {{Anthropocene}} and the {{Global Environmental Crisis}}},
    author = {Latour, Bruno},
    editor = {Hamilton, Clive and Bonneuil, Christophe and Gemenne, François},
    date = {2015-05-15},
    edition = {1},
    pages = {145--155},
    publisher = {{Routledge}},
    doi = {10.4324/9781315743424-12},
    isbn = {978-1-315-74342-4},
    langid = {english},
    file = {/home/julian/Zotero/storage/IA9W9RVH/Latour (2015).pdf},
}

@report{Vogt2021,
    title = {We Leaked the Upcoming {{IPCC}} Report!},
    author = {Vogt, Thomas and Berthold, Anne and Grüning, Nana-Maria and Dubois-Mouro, Hugo and Voehl, Max and Valentini, Elia and Böhme, Jessica and Cheong, Zoe and Fallon, James and Gillet, Ludovic and Genton, Blaise and Içvara, Barbier and Schleier, Sandra and Seiler, Isabelle and Ben and Božičević, Miran and Desmarquest, Victoria and Mbau, Stella Nyambura and Hirst, Jennifer and Richards, Martin and Hewlett, Tim and Erten, Yagmur and Younger, Edward and Kordecka, Dorota and Fitzpatrick, Nick and Adèle and Moss, Eric and Stace, Rosemary and Fradin, Cécile and Blake, Steve and Livernois, William and Lynch-White, Mike and Dubochet, Jacques and Schneider, Jonas and Cherix, Daniel and Recio, J. Manuel and D’Acremont, Valérie and Windt, David L. and Zijp, Dick and Eickhoff, Hans and Laughery, Vincent and de Bloom, Jessica and Peck, Mika and Armaos, Konstantinos and Farmer, Benjamin and Sswat, Michael and Forsyth, Neil and Keilbach, Judith and Rousseau, Guillaume and Fedrigo, Laurence and Veen, Esther and Crookall, David and Maas, Roeltje and Kallio, Galina and Cerantola, Marine and Rasch, Elisabet and Houtbeckers, Eeva and Avery, Robert A. T. and Cole, Milton W. and Finnerty, Samuel and Dongre, Pooja and de Balanzo Joue, Rafael and Catanzaro, Alexis and Gugler, Stefan and Budiman, Ibnu and Köhne, Michiel and Bircher, Lukas and Cacciapaglia, Michael and Uster, Alexandra and Backendal, Matilda and Koot, Stasja and Fisher, Andrew H. and Bock, Christian and Wiegers, Gerard and Quesada-Embid, Mercedes and Silvagni, Davide and Treharne, Kate and Loidl, Reinhard and Leemans, Rik and Lewis, Philip and Pautrat, Rémi and Visakorpi, Kristiina and Rauschendorfer, Theresa and Hernando-Arrese, Maite and Guibentif, Thomas and Sigrist, Fabio and Masiliūnas, Dainius and Sandström, Erik and Koutamanis, Dafne and Magnússon, Rúna and Salmony, Steven Earl and Murray, Katherine and Surret, Fantine and Trebulle, Pauline and O’Neill, Gillian and Bishop, Gabriella and Thornton, Edward and Lang, Judith C. and van der Sloot, Maartje and Hendlin, Yogi and Breitensten, Ruedy and de Jong, Johan and Faïn, Xavier and Bockler, Jessica and van Lonkhuijzen, Renske and Bonamour, Suzanne and May, Mathew and Derkzen, Marthe and Levy, René and Bonato, Angela and Huijbens, Edward H. and Héritier, Karel and Freiwald, Anja and Broekhuizen, Henk and Servigne, Pablo and Méndez, Fernández and Sovová, Lucie and Wassmer, Thomas and Elmer, Franziska and Higson, Lynsey and Green, Mick and Gardner, Charlie and Blake-Mizen, Keziah and De Pietro, Céli and Francksen, Richard M. and Chisholm, Alison and Jadot, Catherine and Egea, Elena González and Andrews, Joseph and Verdon, Noemie and Pedro, Sérgio and Caudwell, Tobit and Rapin, Marie and Muenzner, Julia and Poll, Austen-William and Mbau, Stella Nyambura and Kallis, Giorgos and Barthel, Natalie and Baudelaire, Fox and Cattaneo, Claudio and Schechter, Eric and Grandjean, Ing M. and Demaria, Federico and Tilquin, Anaïs and Balaña, Neus Figueras and Antia, Avan and Adkins, Daniel C.},
    options = {useprefix=true},
    date = {2021},
    institution = {{Scientist Rebellion}},
    url = {https://scientistrebellion.com/we-leaked-the-upcoming-ipcc-report/},
    urldate = {2021-12-09},
    langid = {british},
    file = {/home/julian/Zotero/storage/39V23W4L/we-leaked-the-upcoming-ipcc-report.html},
}

