
@article{Latour2004,
  title = {Why {{Has Critique Run}} out of {{Steam}}? {{From Matters}} of {{Fact}} to {{Matters}} of {{Concern}}},
  author = {Latour, Bruno},
  year = {2004},
  volume = {30},
  pages = {225--248},
  issn = {0093-1896},
  doi = {10.1086/421123},
  file = {/home/julian/Zotero/storage/M6U9KA2R/Latour (2004).pdf},
  journal = {Critical Inquiry},
  number = {2}
}

@article{March1991a,
  title = {Learning from {{Samples}} of {{One}} or {{Fewer}}},
  author = {March, James G. and Sproull, Lee S. and Tamuz, Michal},
  year = {1991},
  month = feb,
  volume = {2},
  pages = {1--13},
  issn = {1047-7039, 1526-5455},
  doi = {10.1287/orsc.2.1.1},
  file = {/home/julian/Zotero/storage/T74E4HAC/March et al. (1991).pdf},
  journal = {Organization Science},
  language = {en},
  number = {1}
}


